5170	22	0	0	14
5176	37	1	3	16
5177	17	0	1	1
5178	5	2	2	3
5180	15	0	2	11
5184	12	0	0	2
5185	28	0	0	3
5188	36	0	0	6
5192	1	0	0	6
5193	1	0	0	0
5195	0	0	0	4
5196	0	0	0	1
5197	1	0	0	1
5199	0	0	0	3
5211	45	0	0	13
5213	10	0	2	2
5215	25	0	0	3
5216	55	2	6	2
5218	2	1	0	6
5221	20	2	0	1
5222	85	11	5	4
5224	65	140	3	18
5225	12	0	0	2
5228	4	0	0	3
5229	1	0	0	1
5230	2	0	0	4
5232	5	0	0	1
5233	75	0	0	48
5236	17	1	0	0
5237	5	0	0	5
5244	8	1	0	1
5247	68	6	6	13
5248	1	0	3	2
5249	9	5	1	2
5253	52	0	0	16
5254	80	17	1	5
5259	3	0	0	2
5261	8	0	0	4
5267	8	0	1	1
5272	20	0	0	3
5278	62	0	0	5
5282	65	5	1	6
5285	5	2	0	3
5288	7	0	0	9
5295	10	0	0	1
5298	7	0	13	5
5299	83	1	0	16
5300	40	0	0	6
5306	2	1	0	7
5308	7	0	0	2
5309	32	0	0	0
5311	1	0	1	0
5312	3	2	0	3
5313	3	19	2	10
5314	94	0	0	46
5315	0	0	0	0
5320	43	0	0	10
5321	51	16	3	7
5323	20	0	0	6
5326	39	1	5	8
5329	16	4	7	3
5330	5	3	0	2
5331	0	0	0	0
5332	1	0	0	0
5333	0	0	0	0
5334	1	0	0	0
5335	0	0	0	0
5336	1	0	0	0
5337	1	0	0	2
5346	10	0	0	3
5350	1	0	0	1
5360	5	21	3	6
5361	9	0	0	4
5362	3	1	0	2
5363	21	8	0	7
5367	23	4	0	2
5370	10	4	5	3
5371	71	0	0	5
5373	8	2	0	1
5374	30	0	0	5
5375	2	0	0	0
5376	5	0	1	5
5377	26	0	0	9
5378	1	0	1	10
5382	42	3	0	14
5385	9	1	0	2
5387	9	0	0	4
5388	6	0	0	4
5390	1	0	0	0
5391	27	0	1	3
5394	7	0	0	4
5395	17	0	0	3
5397	112	0	0	5
5399	106	21	0	2
5401	28	6	1	2
5403	38	0	6	4
5404	1	0	0	0
5405	183	2	22	15
5407	118	0	0	8
5408	18	55	0	6
5409	1	0	0	1
5410	1	0	0	0
5411	6	2	0	1
5412	2	4	0	2
5413	4	0	0	2
5415	7	0	0	0
5416	26	0	0	4
5420	1	0	0	0
5421	7	0	1	0
5422	17	0	0	0
5428	0	0	0	7
5429	1	0	0	2
5430	0	0	0	1
5431	1	2	3	6
5432	0	0	0	0
5433	1	0	0	0
5434	0	0	0	0
5436	1	0	0	0
5439	13	3	0	7
5447	42	7	0	2
5448	1	0	0	1
5449	1	0	0	3
5450	0	0	0	1
5451	1	1	1	0
5452	10	0	0	0
5453	1	0	0	1
5454	0	0	0	1
5455	1	0	0	0
5456	0	0	0	3
5460	2	0	0	1
5461	1	0	0	1
5462	1	2	0	1
5465	0	0	0	0
5466	2	0	0	0
5467	0	0	0	1
5468	43	0	0	6
5469	10	0	0	1
5470	7	0	0	1
5471	0	0	0	1
5472	1	0	0	0
5473	0	0	0	0
5474	0	0	0	0
5475	1	0	0	0
5477	0	0	0	2
5478	29	31	6	0
5479	0	0	0	3
5480	1	0	0	2
5481	0	0	0	0
5482	0	0	0	1
5483	0	0	0	0
5484	0	0	0	0
5485	0	0	0	1
5486	1	0	1	3
5487	0	0	0	2
5488	54	9	6	2
5489	76	24	5	8
5490	1	0	0	11
5493	0	0	0	1
5494	1	0	0	2
5495	1	0	0	0
5496	0	0	0	1
5497	0	0	0	0
5498	0	0	0	0
5499	2	0	0	0
5500	21	0	0	2
5510	3	3	0	3
5520	12	1	0	1
5523	0	0	0	0
5530	9	0	0	4
5541	4	0	0	2
5551	67	13	2	13
5552	0	0	0	2
5554	12	0	0	0
5555	0	0	0	1
5556	0	0	0	1
5558	0	0	0	0
5559	1	0	0	0
5560	0	0	0	0
5561	11	0	1	2
5565	11	0	4	2
5566	0	0	0	1
5567	1	0	0	1
5570	0	0	0	1
5571	1	0	0	0
5573	104	0	21	5
5574	1	0	0	2
5575	2	0	0	0
5576	1	0	0	2
5577	1	0	0	3
5578	0	4	0	2
5580	2	0	0	2
5582	0	0	0	1
5584	13	0	0	8
5588	0	0	0	1
5590	0	0	0	1
5592	0	0	0	5
5593	103	3	1	1
5595	3	9	0	4
5596	0	0	0	2
5597	1	0	0	0
5598	0	0	0	2
5600	0	0	0	0
5602	14	0	0	1
5615	33	3	3	3
5617	20	12	0	3
5622	9	1	0	17
5623	72	0	3	7
5626	11	3	5	7
5630	64	2	1	1
5635	135	0	0	41
5636	4	0	0	1
5638	54	2	0	1
5639	5	0	0	3
5641	10	0	0	7
5642	10	0	0	0
5643	15	0	0	6
5644	11	0	0	4
5645	10	18	2	11
5646	27	38	0	12
5648	95	9	1	5
5649	12	0	0	0
5653	2	0	0	0
5654	44	0	1	16
5655	116	0	0	27
5658	53	1	0	6
5659	35	0	2	3
5661	7	0	0	0
5662	3	0	0	1
5663	11	0	0	2
5664	64	0	2	9
5665	24	0	0	6
5666	22	0	3	5
5667	97	1	3	10
5668	48	0	0	14
5669	75	1	0	13
5671	18	0	0	1
5672	62	0	0	7
5675	68	1	1	9
5676	38	4	0	4
5679	1	3	0	0
5683	1	0	0	0
5685	61	14	0	8
5688	10	0	0	5
5689	50	0	5	1
5690	4	4	0	1
5691	11	0	0	0
5693	40	0	0	14
5695	25	0	0	2
5696	3	0	0	3
5697	3	0	0	1
5698	105	0	0	24
5700	6	1	0	2
5702	9	70	0	3
5703	49	1	0	5
5704	10	0	0	4
5705	12	2	0	4
5706	4	0	0	9
5708	16	1	0	4
5711	4	0	0	0
5714	1	1	0	4
5715	15	0	0	4
5716	44	0	0	2
5717	21	12	1	10
5718	10	0	0	21
5719	2	0	1	1
5721	16	0	0	2
5722	12	1	0	1
5723	1	0	0	1
5724	23	23	0	5
5725	2	1	0	0
5726	1	0	2	2
5729	5	35	0	8
5734	18	0	2	1
5735	28	0	0	2
5736	15	0	0	10
5738	41	0	0	3
5739	39	2	3	5
5742	7	0	0	0
5743	1	0	0	0
5749	5	0	0	5
5750	5	0	2	5
5751	80	0	0	3
5759	8	0	0	3
5760	2	0	0	6
5762	15	0	1	6
5765	5	2	2	3
5766	71	0	3	39
5768	19	0	0	6
5769	10	0	0	4
5771	52	0	0	4
5776	15	0	0	5
5778	20	0	1	0
5781	2	0	1	1
5783	11	0	0	4
5786	71	0	2	2
5790	13	0	0	21
5793	7	0	0	3
5794	10	0	0	1
5796	10	1	0	1
5797	5	0	0	2
5804	47	0	0	11
5808	2	21	0	5
5810	11	0	0	2
5813	90	0	0	34
5814	0	0	0	1
5816	9	0	0	4
5820	23	1	1	8
5822	7	0	0	5
5823	45	0	1	11
5826	18	0	1	12
5828	7	0	0	1
5829	62	0	0	12
5830	3	18	0	4
5833	1	3	0	2
5836	2	0	0	2
5838	1	0	0	0
5839	12	2	0	3
5840	0	0	0	1
5841	1	0	0	1
5843	1	0	0	0
5844	0	0	0	0
5845	0	0	0	2
5846	0	0	0	1
5848	2	1	0	0
5849	7	0	0	0
5850	1	0	0	0
5851	1	0	0	0
5853	3	0	0	0
5855	0	0	0	1
5857	0	0	0	0
5859	16	2	0	10
5863	11	0	0	10
5864	2	0	0	0
5865	32	1	1	3
5866	2	0	0	12
5867	7	0	0	1
5869	7	0	0	2
5873	13	1	0	0
5874	5	0	0	0
5876	5	1	0	4
5879	86	1	0	21
5881	4	161	0	0
5882	176	42	0	11
5884	80	0	3	25
5898	2	0	0	0
5899	5	0	0	2
5902	94	1	0	8
5903	0	0	0	0
5905	33	1	0	9
5906	74	10	0	17
5907	55	1	0	15
5909	10	0	0	4
5910	47	0	0	5
5912	15	0	0	4
5914	29	0	2	1
5916	8	0	0	0
5918	7	0	0	2
5919	2	0	0	2
5920	6	0	0	4
5921	44	0	0	8
5926	5	0	0	0
5928	30	1	0	4
5930	3	0	0	1
5931	28	0	2	0
5932	12	1	0	4
5933	22	0	3	4
5935	3	85	1	6
5936	8	1	3	7
5938	7	6	4	4
5942	1	0	0	9
5943	5	0	1	4
5945	30	8	0	10
5946	17	0	0	2
5948	1	2	0	3
5950	107	30	0	6
5951	146	32	0	9
5955	26	22	2	2
5956	14	1	0	5
5959	18	0	3	18
5961	12	2	3	3
5962	62	0	0	7
5966	13	0	0	8
5974	9	0	0	5
5976	26	0	0	6
5980	1	0	1	2
5981	124	0	0	36
5985	2	0	0	2
5987	88	0	0	1
5992	5	0	0	10
5993	3	0	0	2
5999	28	1	0	7
6000	0	0	0	4
6001	0	0	0	1
6003	1	0	0	2
6007	0	0	0	0
6010	1	0	0	5
6011	1	0	0	1
6014	15	0	0	5
6015	23	0	0	2
6016	11	0	0	4
6019	5	0	0	5
6020	1	2	0	2
6021	63	0	0	7
6022	1	0	0	0
6023	4	2	0	1
6024	13	0	0	5
6026	3	0	0	5
6034	2	0	0	2
6035	20	0	0	5
6036	11	1	0	4
6038	17	0	0	2
6042	17	1	0	6
6045	9	0	0	0
6046	86	0	0	30
6047	6	0	0	0
6051	2	0	2	3
6056	8	1	0	1
6057	10	4	0	4
6058	51	0	0	13
6059	28	15	1	9
6060	1	2	0	2
6061	3	0	0	0
6062	8	10	2	3
6066	45	7	1	16
6068	32	0	0	13
6085	7	3	0	6
6088	14	0	0	5
6091	2	0	0	8
6095	18	0	1	4
6097	12	0	1	2
6099	2	0	0	2
6100	17	3	0	3
6102	16	4	1	4
6105	1	0	0	0
6111	2	1	0	2
6112	12	35	3	9
6113	12	6	1	2
6115	2	7	4	10
6117	133	0	1	38
6118	1	2	0	2
6121	31	0	0	4
6122	4	0	0	3
6123	25	0	0	2
6125	53	0	0	9
6130	65	18	0	3
6134	8	0	0	1
6136	52	0	0	12
6138	14	0	0	7
6139	1	0	0	3
6140	79	2	0	39
6172	36	0	0	7
6173	17	0	0	12
6174	13	0	0	1
6176	48	0	0	15
6181	9	1	0	6
6182	4	0	0	1
6183	5	0	0	0
6184	7	0	0	1
6185	49	0	0	17
6186	3	0	0	2
6187	85	0	0	5
6188	1	0	0	1
6193	7	1	3	12
6195	102	0	0	33
6197	4	0	0	3
6198	4	1	0	6
6199	1	0	0	0
6200	1	0	0	0
6201	10	2	0	2
6203	1	0	0	1
6205	6	1	0	1
6206	16	0	0	1
6207	12	3	17	7
6208	5	0	0	4
6210	30	0	0	8
6211	5	1	0	0
6212	2	1	0	0
6216	23	1	0	22
6220	20	0	0	2
6221	68	0	1	6
6225	1	0	0	0
6226	16	0	0	9
6229	31	0	3	4
6230	9	2	2	8
6231	31	1	1	0
6233	4	1	2	4
6235	33	0	0	5
6236	1	1	0	0
6237	114	11	9	11
6239	5	0	0	0
6246	3	3	2	3
6247	4	0	0	1
6250	29	0	0	7
6251	0	0	0	5
6255	13	0	0	3
6258	28	1	1	5
6259	1	16	0	4
6260	52	0	0	15
6261	5	0	0	0
6267	18	0	0	4
6271	4	0	0	11
6276	2	0	0	5
6279	3	4	1	4
6280	17	0	3	2
6285	30	0	0	6
6286	20	0	0	6
6288	16	2	0	3
6290	6	0	0	4
6291	6	0	1	7
6292	6	0	0	1
6293	74	0	0	17
6295	26	0	0	3
6298	9	0	0	1
6299	18	0	0	4
6309	4	0	0	2
6310	18	26	1	6
6312	27	0	0	4
6313	4	0	0	2
6314	27	0	0	0
6315	24	0	0	1
6316	12	0	0	1
6317	20	1	0	0
6319	5	2	0	2
6321	50	0	0	12
6322	3	1	1	7
6324	0	0	1	0
6325	11	0	0	2
6326	2	1	0	1
6328	9	2	0	0
6329	10	0	0	8
6330	8	0	0	9
6331	8	0	0	2
6335	1	0	0	0
6336	7	0	0	5
6337	7	0	0	4
6339	4	0	0	0
6340	11	1	0	6
6343	70	1	1	6
6344	6	0	0	1
6346	41	0	0	11
6347	3	4	0	1
6352	3	0	1	4
6354	2	0	0	6
6355	215	3	0	36
6357	15	0	1	2
6359	41	7	0	8
6362	14	1	0	5
6363	11	4	0	7
6364	11	0	0	5
6365	0	0	0	2
6366	13	11	0	23
6367	14	9	0	15
6371	14	5	0	10
6416	3	0	1	4
6420	10	8	0	16
6421	18	4	0	13
6423	7	0	0	2
6424	13	9	0	17
6426	3	2	0	3
6427	32	10	0	13
6429	10	2	0	4
6431	2	0	0	4
6432	16	1	0	3
6433	49	0	0	9
6434	13	9	0	3
6435	7	5	0	5
6436	8	1	0	2
6437	70	0	0	3
6438	22	0	0	1
6440	14	0	0	4
6443	36	9	0	8
6445	6	1	1	2
6446	53	2	1	6
6449	47	0	0	5
6451	27	0	0	10
6452	9	0	0	43
6456	2	0	0	5
6458	12	0	1	0
6459	5	0	0	0
6462	3	0	0	1
6466	111	40	4	4
6468	1	16	0	5
6469	5	0	1	1
6501	42	0	1	13
6503	34	13	0	4
6505	2	0	0	1
6512	5	0	0	1
6513	3	0	0	3
6514	6	9	3	5
6516	3	7	2	2
6517	25	0	0	5
6520	4	0	0	3
6526	19	0	0	7
6530	2	0	0	1
6532	6	0	0	4
6533	27	0	0	0
6535	32	0	0	0
6537	6	11	0	3
6539	34	2	0	1
6542	3	0	0	16
6543	3	0	0	1
6546	37	0	2	6
6548	67	0	0	6
6552	4	1	0	0
6555	37	12	1	9
6556	18	0	0	0
6557	5	0	0	2
6558	72	16	0	7
6559	2	0	0	1
6561	28	1	0	16
6562	2	0	0	1
6563	1	0	0	1
6566	0	0	0	4
6569	6	0	0	2
6571	23	1	1	5
6576	28	5	0	9
6579	13	0	0	2
6583	7	0	0	5
6585	20	1	0	11
6586	4	0	0	2
6587	22	15	0	1
6589	13	0	5	2
6590	13	2	1	3
6591	13	0	0	4
6592	5	0	0	0
6596	7	0	2	0
6597	57	1	1	5
6598	44	0	0	4
6599	8	0	0	15
6600	8	0	0	2
6604	20	0	1	2
6607	10	0	0	1
6610	23	29	1	12
6611	100	16	1	4
6612	3	4	0	7
6613	89	50	0	12
6614	43	0	0	6
6615	3	0	0	2
6617	14	1	0	2
6620	9	0	0	1
6621	12	2	0	6
6623	20	0	10	5
6627	1	0	0	1
6628	3	1	0	7
6629	72	0	0	9
6630	3	1	1	2
6631	14	1	0	3
6635	2	3	0	1
6639	12	1	0	2
6641	29	10	0	6
6643	38	0	0	7
6644	46	1	0	4
6645	9	0	0	4
6651	8	5	0	0
6652	76	31	0	6
6653	58	26	0	14
6654	14	33	0	10
6656	8	0	0	0
6660	5	1	0	1
6663	26	0	0	7
6666	1	0	0	2
6667	8	1	0	2
6669	1	2	0	4
6670	33	0	1	2
6671	15	18	0	14
6672	0	0	0	0
6673	6	0	0	6
6675	30	0	0	13
6677	14	1	1	5
6682	7	0	0	0
6684	1	0	0	1
6689	9	0	0	3
6690	107	0	0	9
6693	12	0	0	0
6695	14	0	0	4
6696	39	0	1	8
6697	67	0	0	3
6698	4	2	4	0
6700	8	0	1	3
6704	15	0	0	7
6710	52	0	0	3
6713	11	5	6	18
6715	39	0	0	7
6716	2	0	0	1
6719	31	26	0	4
6720	2	26	0	8
6721	9	0	0	6
6724	13	0	0	3
6725	11	0	0	0
6728	1	0	0	7
6731	1	5	0	5
6734	15	0	0	3
6736	6	0	0	4
6742	35	11	2	5
6745	23	0	0	9
6746	2	1	0	11
6747	12	0	0	4
6749	72	0	0	3
6751	1	0	0	3
6752	18	0	0	6
6753	2	0	0	0
6759	5	0	0	5
6760	16	0	1	1
6761	12	0	0	7
6762	1	0	3	2
6763	3	0	0	0
6766	14	1	0	3
6767	2	1	1	4
6769	1	0	0	2
6771	16	4	12	18
6773	17	0	0	4
6774	2	0	0	1
6775	7	1	1	2
6776	14	0	0	7
6777	9	0	1	2
6778	11	0	0	2
6780	12	0	0	5
6781	20	0	0	0
6784	38	0	4	6
6787	39	55	10	32
6788	20	2	11	5
6794	4	16	0	7
6796	2	0	0	2
6799	38	0	0	6
6801	3	0	0	0
6804	3	3	2	3
6806	18	0	0	2
6811	1	0	0	1
6813	1	5	1	1
6814	2	0	0	3
6816	94	0	0	4
6818	24	0	0	3
6821	1	3	0	6
6822	58	0	2	5
6823	3	0	0	7
6824	104	0	0	34
6827	3	0	0	14
6828	6	0	0	1
6829	12	0	0	0
6830	24	3	0	4
6836	0	0	0	0
6839	1	0	0	1
6840	20	0	0	3
6845	12	4	0	2
6846	7	0	0	2
6848	4	0	0	2
6849	44	1	0	12
6851	53	0	0	10
6852	80	0	0	16
6854	9	2	4	5
6857	14	0	1	1
6859	23	1	2	35
6863	9	0	0	6
6865	4	2	0	4
6867	1	2	0	1
6868	88	0	0	14
6874	10	3	0	1
6878	22	1	0	8
6880	3	1	0	0
6881	28	0	1	13
6882	63	0	0	4
6883	7	131	0	18
6884	63	3	0	12
6886	175	62	0	9
6887	1	0	2	7
6888	2	0	0	2
6889	16	0	0	3
6902	16	6	2	4
6903	1	7	0	2
6904	4	2	0	4
6907	15	0	2	3
6910	26	0	1	8
6911	52	0	0	1
6916	22	0	0	3
6918	8	0	0	0
6920	12	0	0	7
6921	11	0	0	0
6922	5	0	0	1
6924	7	1	0	0
6925	8	0	0	0
6928	11	0	0	3
6932	43	0	0	14
6933	20	0	0	2
6934	7	0	0	1
6936	14	4	0	4
6938	15	0	1	5
6941	1	0	0	0
6942	40	2	2	24
6943	10	0	0	4
6944	20	0	0	4
6945	13	0	0	1
6947	3	0	0	0
6948	33	0	0	2
6949	14	0	0	4
6955	1	0	0	1
6956	4	0	0	0
6960	6	0	0	3
6966	5	1	0	1
6968	1	0	0	4
6970	7	2	0	1
6972	12	0	0	1
6974	29	0	2	2
6978	12	0	0	4
6979	2	0	0	0
6984	90	0	0	31
6985	27	0	0	1
6986	34	0	0	2
6988	1	0	0	1
6991	10	0	0	6
6997	2	0	0	1
6999	3	0	4	5
7003	23	5	0	6
7011	9	0	3	5
7012	2	0	0	0
7015	16	0	0	11
7016	13	0	0	3
7017	3	0	1	3
7018	44	1	4	7
7019	1	0	0	9
7021	6	0	0	1
7022	13	18	0	2
7023	27	0	24	6
7025	46	0	0	3
7030	5	0	0	0
7033	8	0	0	2
7034	12	0	0	2
7037	3	0	0	2
7038	13	0	0	2
7039	10	0	1	3
7042	5	0	0	1
7043	9	0	0	2
7044	79	0	0	16
7045	91	0	1	10
7053	87	0	5	7
7056	55	0	0	3
7059	33	0	0	8
7060	6	0	0	3
7061	1	0	0	0
7063	6	0	1	0
7066	4	0	0	1
7067	22	1	0	0
7068	20	0	0	1
7069	1	0	0	0
7070	0	0	0	0
7071	1	0	0	1
7072	0	0	0	0
7073	0	0	0	1
7074	0	0	0	0
7077	1	0	0	2
7080	8	0	0	3
7081	8	0	0	0
7085	10	1	3	3
7089	64	0	0	4
7100	16	2	0	1
7104	32	0	1	7
7105	5	0	0	5
7112	2	0	0	0
7118	1	0	0	0
7119	47	0	0	7
7120	14	0	0	0
7122	4	0	0	0
7123	1	0	0	4
7124	4	0	0	0
7125	13	0	0	1
7129	9	1	0	1
7131	19	0	0	9
7143	1	0	0	2
7144	5	1	0	5
7145	4	0	0	7
7147	3	0	0	2
7148	1	0	0	1
7158	9	0	0	1
7160	1	0	0	0
7162	9	0	0	3
7163	24	16	10	1
7164	22	0	0	4
7165	5	1	2	3
7167	3	0	0	0
7172	33	0	0	10
7175	1	40	1	8
7176	5	2	1	0
7179	33	0	0	19
7180	7	0	0	9
7182	33	0	0	7
7183	14	0	0	8
7184	6	0	0	0
7185	7	48	10	31
7188	1	0	0	3
7193	10	0	0	0
7196	8	0	0	5
7198	7	1	0	0
7200	14	0	2	5
7201	26	0	0	3
7202	1	0	0	1
7203	8	0	1	1
7207	1	0	0	2
7211	1	7	1	6
7212	6	0	0	1
7213	6	0	0	2
7220	1	2	0	1
7222	112	0	0	24
7225	5	0	2	1
7227	8	32	0	6
7232	1	0	0	3
7233	10	0	0	2
7234	18	0	0	2
7235	1	0	0	3
7236	112	0	0	46
7237	1	0	0	2
7239	9	1	0	2
7241	1	0	4	2
7242	3	0	0	0
7243	18	0	0	2
7246	11	1	0	3
7247	6	0	0	2
7248	8	0	0	6
7249	15	0	0	6
7251	10	0	0	1
7252	14	0	0	5
7255	5	0	0	1
7257	21	0	2	4
7262	6	0	0	2
7264	24	0	0	3
7265	3	0	0	1
7271	22	36	2	10
7272	3	0	0	3
7273	1	0	0	1
7274	2	0	0	3
7279	7	0	0	1
7283	12	0	0	4
7284	11	0	0	4
7291	0	0	0	0
7293	53	2	2	14
7294	3	1	5	7
7296	4	0	0	0
7299	21	3	4	8
7301	33	21	0	17
7303	10	0	2	2
7304	1	0	0	5
7305	12	2	0	5
7306	17	0	1	1
7309	3	0	0	0
7310	1	0	9	1
7312	8	0	0	1
7316	1	5	3	16
7322	6	0	1	4
7324	23	0	3	5
7327	6	1	0	2
7329	16	0	0	7
7330	3	2	0	2
7331	1	0	0	2
7335	2	0	0	0
7339	1	0	0	0
7341	48	0	0	10
7342	34	0	0	20
7344	35	0	0	1
7345	40	0	0	10
7346	1	0	0	5
7355	15	0	3	6
7357	10	0	0	2
7362	6	0	0	9
7363	23	0	0	1
7366	6	0	0	2
7376	15	4	2	9
7378	9	0	1	2
7381	14	0	0	1
7382	17	28	1	3
7387	23	0	0	5
7388	33	1	3	12
7390	46	0	0	22
7392	36	0	0	1
7397	13	1	0	9
7398	12	1	2	7
7400	22	0	0	7
7401	13	0	2	3
7403	11	0	0	3
7406	44	26	0	5
7407	9	12	0	2
7411	2	0	0	4
7424	20	0	1	5
7425	1	2	0	0
7426	10	0	0	35
7431	17	1	0	4
7434	56	1	1	12
7435	1	0	0	1
7437	2	0	0	1
7439	14	0	0	1
7441	20	4	0	1
7442	43	0	0	15
7445	1	0	1	0
7446	14	0	1	1
7447	0	0	0	3
7449	1	1	0	2
7450	2	2	0	0
7451	17	0	0	10
7455	27	0	0	3
7461	14	1	0	3
7462	18	0	0	12
7463	36	1	0	5
7466	21	0	0	1
7471	27	0	0	15
7472	41	0	0	21
7473	8	43	0	10
7475	23	7	0	9
7477	8	0	0	1
7478	13	0	0	7
7480	10	1	1	4
7482	11	0	0	1
7485	11	9	1	0
7487	4	0	0	6
7489	12	0	0	2
7491	8	1	0	0
7492	1	3	0	4
7498	2	0	0	1
7499	29	0	0	6
7502	1	0	0	17
7504	20	0	0	12
7507	2	0	0	2
7512	6	0	0	1
7514	3	0	0	3
7515	1	0	0	0
7516	1	0	0	4
7517	29	0	0	9
7519	58	0	0	4
7521	6	0	1	2
7525	52	0	0	26
7527	19	5	0	6
7530	2	0	0	0
7531	11	3	0	2
7532	0	0	0	0
7534	9	6	3	1
7538	6	0	0	0
7541	3	0	0	1
7543	2	0	0	13
7546	14	2	0	4
7548	17	0	1	2
7550	39	0	0	16
7554	14	0	0	11
7555	13	6	1	6
7558	37	0	0	3
7561	2	0	0	1
7566	19	0	0	8
7572	2	0	0	0
7573	29	1	0	12
7574	2	3	0	1
7575	9	0	0	2
7578	21	2	0	1
7580	3	1	1	5
7581	14	6	1	3
7583	15	0	0	1
7585	13	1	0	9
7586	15	1	0	3
7587	4	0	0	1
7591	33	0	0	3
7592	12	0	0	3
7593	41	0	0	12
7594	10	0	0	3
7597	1	0	1	1
7598	4	0	0	0
7601	4	11	1	5
7602	3	2	0	4
7604	11	0	0	1
7605	14	1	0	7
7607	1	0	0	1
7609	3	2	2	1
7611	18	0	0	5
7612	19	1	0	8
7614	3	0	0	0
7617	1	0	0	0
7622	1	0	0	1
7626	2	0	0	13
7627	7	0	0	6
7628	5	0	0	10
7630	11	1	4	6
7632	5	1	0	4
7635	22	0	1	5
7638	8	1	0	1
7642	10	0	0	6
7643	10	0	0	0
7645	8	0	0	0
7647	13	0	0	1
7655	1	0	0	1
7659	1	0	0	0
7660	6	0	2	0
7661	14	0	1	1
7662	1	0	0	0
7663	0	0	0	1
7668	66	1	0	11
7669	4	0	0	0
7672	46	1	0	12
7673	8	0	2	0
7674	18	0	3	1
7676	7	0	0	2
7677	1	4	0	3
7681	25	0	0	2
7682	8	0	0	2
7683	36	0	0	6
7689	16	0	0	0
7697	1	4	1	4
7699	1	1	0	2
7700	1	4	0	6
7701	110	0	10	9
7706	21	1	0	0
7708	1	0	1	2
7710	1	3	0	1
7712	3	0	0	2
7713	8	0	0	2
7716	14	0	0	7
7720	6	0	0	2
7721	12	0	0	5
7722	4	0	0	0
7723	4	0	0	1
7727	2	2	1	5
7728	2	0	0	5
7729	71	2	0	16
7731	1	2	0	3
7732	11	2	1	0
7734	4	0	0	3
7737	15	4	0	1
7738	70	0	1	10
7739	4	0	0	0
7740	19	0	0	15
7742	54	10	0	7
7755	1	1	0	1
7756	41	0	0	21
7765	1	6	1	3
7767	2	7	1	1
7768	2	1	1	1
7770	52	15	0	11
7772	8	0	0	3
7773	1	0	0	2
7774	6	0	1	0
7775	4	0	0	0
7780	2	2	0	1
7781	45	1	0	3
7783	17	0	5	5
7786	11	0	0	6
7787	10	0	0	3
7791	1	0	0	2
7794	2	0	0	0
7796	26	0	0	12
7797	17	0	0	5
7801	8	1	0	3
7803	1	0	0	0
7806	9	0	0	0
7807	42	2	1	11
7808	4	0	0	2
7810	2	23	0	5
7811	8	1	0	1
7816	46	0	0	3
7817	1	0	0	2
7818	6	0	0	0
7819	24	0	1	20
7821	2	4	0	5
7822	14	5	0	8
7824	20	0	0	7
7827	2	0	0	4
7828	4	3	0	1
7829	3	0	0	1
7830	8	0	0	2
7832	24	0	0	4
7833	2	0	0	7
7834	4	0	0	0
7837	4	1	0	0
7838	1	0	0	0
7839	31	0	1	7
7840	16	0	0	3
7843	5	0	0	1
7844	13	2	0	4
7845	1	0	0	1
7846	3	0	0	4
7849	0	0	0	1
7850	3	0	0	0
7851	1	5	0	0
7885	52	0	0	3
7886	52	0	0	28
7888	23	0	0	8
7890	10	0	2	6
7891	120	0	2	35
7892	36	0	0	14
7893	85	0	0	25
7901	3	0	1	6
7902	2	0	0	1
7903	2	0	0	5
7906	5	0	0	0
7921	37	0	0	12
7922	12	0	2	0
7923	38	11	2	2
7925	99	0	1	27
7928	39	0	0	10
7930	87	12	4	7
7931	22	0	0	1
7935	5	0	0	7
7938	11	5	0	0
7939	3	0	0	1
7941	17	1	2	2
7942	6	0	0	1
7946	14	0	2	1
7950	12	0	0	1
7951	25	9	2	10
7952	84	8	1	7
7954	11	27	0	3
7955	150	0	0	8
7957	1	0	0	0
7959	57	0	0	5
7962	26	1	0	0
7963	5	0	0	3
7964	17	0	0	4
7965	0	0	0	0
7966	151	5	5	6
7973	1	0	0	2
7975	2	0	0	2
7976	16	0	0	1
7978	1	9	0	3
7983	1	0	0	1
7984	9	0	0	6
7985	36	0	0	11
7988	10	0	0	1
7989	32	0	0	9
7990	8	0	2	3
7991	4	0	0	0
7992	36	2	2	2
7994	52	0	0	3
7995	4	0	4	1
8005	9	0	0	5
8007	21	0	0	3
8008	4	0	0	0
8011	8	0	0	8
8013	7	0	0	5
8022	0	1	0	1
8023	1	0	0	0
8024	0	0	0	2
8025	0	0	0	1
8026	1	0	0	2
8027	1	0	0	0
8028	0	0	0	1
8029	1	0	1	3
8032	0	1	1	0
8033	0	0	0	0
8035	14	0	0	6
8037	0	0	0	2
8038	7	0	0	0
8039	0	0	0	0
8041	0	0	0	2
8042	8	1	1	1
8043	0	0	0	1
8044	0	0	0	1
8045	1	0	0	0
8047	1	0	0	0
8048	5	0	1	0
8051	0	0	0	2
8052	0	0	0	3
8053	0	0	0	0
8054	1	0	2	0
8058	0	0	0	0
8059	0	0	0	0
8060	44	41	8	12
8062	7	0	0	0
8063	5	0	0	6
8064	2	2	0	4
8065	1	0	0	0
8067	2	0	0	1
8068	0	0	0	0
8069	0	0	0	0
8070	1	0	0	0
8071	0	0	0	2
8072	22	1	4	5
8073	14	0	0	2
8074	2	3	0	0
8075	20	2	4	2
8078	20	0	0	1
8079	27	0	0	7
8081	49	0	1	16
8082	73	0	0	8
8083	73	0	0	28
8085	2	5	0	2
8086	3	0	0	1
8088	6	0	1	3
8089	0	0	0	0
8090	16	18	0	3
8091	78	0	0	20
8092	44	7	7	3
8095	28	0	0	11
8097	1	0	0	0
8099	96	0	0	20
8100	11	1	0	4
8102	37	2	1	4
8103	39	0	0	6
8104	8	0	0	1
8117	2	0	0	2
8121	38	14	0	20
8122	64	8	0	5
8123	3	3	0	2
8124	6	0	0	3
8125	10	4	1	11
8127	15	0	2	3
8128	13	0	0	2
8129	14	0	0	5
8131	12	0	1	0
8133	44	1	1	33
8134	25	0	0	2
8135	20	0	0	0
8137	2	0	0	0
8138	37	0	0	16
8141	3	3	0	0
8143	4	0	0	0
8148	8	1	0	4
8162	9	3	0	0
8166	84	20	0	5
8167	31	1	1	5
8169	33	0	0	17
8176	50	0	0	21
8179	10	0	0	2
8181	0	0	0	1
8182	151	0	0	87
8185	9	1	0	2
8187	3	0	0	0
8189	0	0	0	0
8192	6	0	0	2
8193	40	0	0	18
8194	0	0	0	0
8197	15	0	0	4
8198	0	0	0	0
8199	51	0	1	9
8202	7	3	1	4
8203	1	0	0	3
8204	0	0	0	1
8205	9	0	0	24
8206	1	9	0	2
8207	1	0	0	2
8209	87	13	24	19
8211	13	0	0	7
8212	9	1	0	2
8214	44	0	0	3
8216	16	0	0	12
8217	2	2	0	4
8218	23	0	0	6
8220	9	0	0	0
8221	39	0	1	5
8222	8	0	0	0
8227	68	2	2	6
8228	5	0	0	2
8230	34	0	0	7
8233	41	0	0	1
8237	28	16	4	8
8240	58	4	1	2
8242	69	0	0	5
8243	19	10	1	3
8244	26	0	0	4
8246	7	0	0	3
8247	6	0	0	1
8253	107	12	0	5
8254	40	0	1	12
8256	12	6	0	4
8258	23	1	0	4
8259	6	1	3	1
8262	9	1	2	0
8263	6	0	0	3
8267	11	0	0	15
8271	3	2	0	1
8274	1	7	1	3
8276	2	0	0	2
8280	5	0	0	3
8286	1	0	0	0
8293	6	0	0	2
8295	10	0	2	5
8299	5	0	0	3
8300	67	0	0	22
8301	30	0	0	4
8302	47	1	0	12
8303	25	0	1	3
8305	23	0	0	3
8308	17	1	0	3
8309	3	1	0	1
8311	116	0	0	9
8315	10	1	1	0
8317	23	0	0	4
8324	10	0	0	0
8326	4	1	0	1
8328	10	0	0	0
8336	5	1	0	1
8339	11	0	1	7
8340	114	0	0	30
8341	15	0	0	6
8343	15	0	0	4
8344	5	0	0	1
8347	25	1	0	3
8349	15	1	0	8
8350	2	0	0	1
8351	40	0	0	7
8356	0	0	0	0
8361	1	0	0	2
8362	36	0	0	4
8363	8	0	0	1
8367	7	5	5	8
8368	3	0	2	2
8372	1	0	1	0
8373	10	0	0	1
8375	13	0	0	0
8376	25	0	0	2
8377	40	1	0	7
8378	34	0	1	1
8387	2	8	0	2
8389	6	1	2	11
8391	94	0	0	0
8396	0	0	0	0
8397	21	1	0	18
8398	31	0	0	3
8400	18	0	1	2
8401	4	0	0	3
8402	31	5	0	2
8406	6	0	2	0
8408	100	0	0	7
8409	9	0	0	0
8410	21	2	0	2
8411	12	1	3	5
8412	24	1	0	4
8414	1	0	1	9
8418	10	2	0	3
8419	26	17	0	10
8420	73	6	0	18
8421	5	4	0	1
8425	9	1	0	5
8429	19	0	0	2
8432	22	0	0	8
8436	10	0	0	5
8437	3	0	0	0
8439	12	0	0	0
8443	24	11	0	4
8449	3	0	0	1
8453	2	0	0	1
8454	1	0	0	0
8456	3	0	0	0
8459	18	0	0	6
8460	4	0	1	3
8463	11	1	0	7
8464	1	0	1	0
8465	4	1	2	3
8466	10	0	0	9
8467	4	0	0	2
8468	56	0	2	2
8470	28	0	0	9
8471	12	0	0	3
8472	4	0	0	0
8474	11	0	0	60
8476	12	0	0	1
8478	11	0	1	4
8481	3	5	0	1
8483	2	1	1	1
8484	30	0	0	7
8485	93	3	0	29
8487	16	1	1	15
8488	5	0	0	1
8489	7	6	3	3
8490	2	0	0	2
8492	9	6	1	4
8494	57	0	0	7
8495	3	0	0	0
8498	1	0	0	10
8500	18	17	0	7
8501	2	2	0	4
8504	74	45	0	17
8506	57	0	0	8
8508	6	0	0	0
8518	21	1	1	3
8519	5	0	1	0
8520	1	23	2	20
8521	90	0	0	7
8522	126	0	0	11
8524	55	3	0	10
8525	3	0	1	1
8527	5	1	0	3
8528	2	0	0	2
8529	1	0	0	1
8530	46	4	6	7
8531	29	0	0	4
8536	6	0	0	4
8537	1	0	0	5
8539	34	0	0	9
8540	20	38	0	7
8544	21	0	2	2
8545	15	26	0	6
8547	1	7	1	1
8551	76	0	0	5
8556	10	0	0	0
8560	21	1	0	3
8561	2	0	0	0
8562	6	0	0	1
8564	17	0	0	6
8567	2	0	1	2
8569	17	26	0	19
8573	6	1	1	2
8574	21	2	0	3
8577	8	4	0	2
8578	5	0	0	0
8579	42	43	0	10
8580	74	8	0	26
8582	26	0	2	3
8584	1	0	0	0
8586	6	0	0	3
8587	5	2	0	1
8591	1	0	0	0
8592	76	7	0	25
8593	6	0	0	1
8594	2	0	1	3
8599	46	17	0	2
8603	24	0	0	3
8605	69	0	0	5
8608	16	0	0	3
8612	8	0	0	0
8613	17	0	0	3
8617	20	0	0	1
8618	220	0	1	61
8620	3	0	1	4
8622	2	1	0	4
8623	3	0	0	2
8625	6	0	3	4
8626	24	0	0	15
8629	74	0	0	31
8630	34	24	0	9
8631	8	14	0	1
8632	103	0	0	9
8637	47	0	0	3
8641	3	0	0	0
8642	4	22	0	6
8643	15	0	1	0
8645	5	0	1	0
8648	1	0	0	0
8651	79	0	2	12
8653	54	5	0	0
8654	1	0	0	9
8659	4	0	0	3
8660	12	1	3	10
8662	29	0	0	12
8663	1	0	0	0
8664	6	0	0	3
8667	12	0	0	1
8668	9	0	0	8
8674	34	0	0	5
8678	6	0	0	1
8681	3	0	0	0
8683	4	0	2	3
8687	119	75	0	8
8688	8	0	0	1
8690	2	14	0	6
8691	14	0	0	2
8693	1	0	0	1
8695	13	16	0	7
8697	10	0	0	4
8699	6	2	0	2
8702	23	0	1	6
8703	10	0	2	3
8707	23	2	4	5
8708	14	0	0	2
8709	6	0	0	1
8713	39	0	0	6
8715	67	0	0	5
8716	115	0	0	52
8717	10	0	0	2
8718	19	0	0	10
8724	7	0	1	5
8727	2	0	1	1
8728	0	0	0	0
8729	5	0	0	8
8730	20	0	0	5
8731	15	0	0	4
8733	16	0	0	0
8735	19	1	0	1
8736	4	0	0	2
8741	13	2	0	4
8742	11	0	0	0
8743	2	0	0	1
8745	0	0	0	0
8748	1	0	0	0
8750	2	0	0	1
8751	13	0	0	2
8752	1	0	0	8
8753	40	0	0	4
8756	18	0	0	13
8757	4	2	1	7
8758	25	0	0	6
8765	18	18	1	0
8767	20	0	2	4
8769	4	3	0	5
8771	1	0	0	3
8774	4	0	0	18
8777	7	1	0	9
8778	14	0	0	8
8779	18	0	1	13
8781	35	0	0	15
8783	83	1	0	18
8785	2	2	0	1
8786	145	3	0	38
8791	75	0	0	19
8795	14	17	0	14
8796	26	1	6	3
8798	1	0	0	2
8799	20	0	0	18
8805	17	0	0	3
8807	2	2	0	8
8811	31	0	0	7
8815	2	0	0	1
8816	6	1	0	1
8817	19	1	0	2
8824	17	1	0	2
8826	3	3	0	4
8827	3	10	0	10
8828	92	61	0	11
8829	1	0	0	2
8832	14	0	0	6
8833	33	0	0	22
8835	50	3	1	11
8837	58	0	1	20
8838	2	0	4	1
8839	1	0	0	5
8840	5	1	0	0
8843	16	1	0	12
8844	8	2	0	1
8845	3	10	0	8
8846	17	0	0	2
8847	9	0	4	1
8850	0	0	0	0
8851	0	0	0	0
8855	22	0	0	27
8858	2	0	1	3
8859	20	0	1	4
8860	0	0	0	0
8864	9	0	0	1
8865	3	0	0	2
8873	1	0	0	5
8875	6	0	0	1
8876	8	0	0	6
8878	42	1	0	20
8879	0	0	0	1
8881	21	0	0	7
8882	1	0	0	3
8885	2	0	0	1
8886	26	0	0	1
8887	8	0	0	3
8888	11	0	0	1
8892	1	0	0	1
8900	25	1	0	4
8904	2	0	0	4
8905	1	0	0	1
8906	17	0	0	2
8910	16	0	0	5
8912	8	0	0	1
8914	73	34	0	9
8921	7	0	2	2
8922	6	0	0	0
8927	47	0	0	11
8930	3	2	3	5
8933	2	0	0	0
8935	16	0	0	1
8937	8	0	0	1
8940	6	0	0	1
8941	4	3	0	4
8945	28	0	0	9
8946	1	1	0	0
8949	1	3	0	6
8953	51	0	0	12
8957	12	3	0	1
8958	35	1	0	12
8960	12	0	0	1
8964	16	5	7	6
8965	1	0	0	0
8966	1	0	0	1
8967	2	0	0	2
8968	17	0	2	9
8970	4	0	0	3
8971	30	4	0	6
8972	12	0	0	1
8973	15	26	2	10
8987	50	0	0	3
8992	3	0	0	1
8993	16	0	0	2
8994	3	16	0	6
8996	10	0	0	1
8997	18	0	0	2
9000	2	1	0	1
9001	1	1	0	0
9002	46	1	0	17
9003	19	0	0	10
9008	15	14	0	9
9010	20	1	0	2
9011	1	0	1	1
9014	4	3	3	2
9015	11	1	0	4
9020	23	4	0	19
9021	0	0	0	3
9023	4	0	0	0
9030	10	0	0	5
9032	10	0	0	0
9033	12	0	1	1
9039	30	0	0	12
9048	16	0	0	10
9051	15	0	0	2
9055	65	93	0	10
9058	1	0	0	14
9059	2	0	0	1
9061	95	1	1	14
9067	8	0	0	1
9069	8	0	0	2
9070	3	8	3	2
9072	56	1	1	17
9074	1	0	0	0
9079	22	0	0	15
9080	9	1	0	0
9082	6	0	0	0
9087	13	0	0	3
9090	78	0	0	1
9091	3	0	1	0
9093	2	4	0	12
9099	50	0	0	2
9101	5	0	0	2
9103	8	3	0	2
9105	11	0	0	5
9109	6	1	0	2
9110	12	0	0	2
9118	15	0	0	14
9119	2	0	0	0
9120	2	0	0	0
9121	4	1	1	1
9123	33	4	0	3
9128	18	0	0	10
9129	3	0	0	1
9130	54	16	0	3
9132	18	0	1	8
9133	17	0	0	4
9135	10	23	0	3
9137	12	0	1	6
9138	47	0	2	6
9140	129	0	0	15
9141	52	0	0	4
9146	30	0	0	1
9156	10	0	0	4
9160	6	0	0	0
9163	74	17	0	7
9164	21	0	0	7
9165	8	0	0	1
9209	18	0	0	1
9222	3	4	0	1
9223	42	1	9	24
9225	15	2	0	2
9228	102	7	0	10
9230	28	0	1	7
9232	9	43	1	8
9235	12	0	0	5
9236	30	1	8	6
9238	22	0	0	18
9239	91	2	0	7
9241	3	1	0	1
9247	4	0	2	7
9248	110	5	1	5
9251	34	1	6	2
9252	41	0	1	7
9253	20	0	0	2
9256	10	0	1	4
9257	95	0	0	2
9258	35	0	1	8
9259	13	4	0	1
9260	11	0	0	1
9262	68	2	4	18
9263	30	0	0	2
9264	13	1	1	4
9277	46	1	1	6
9279	117	0	0	10
9281	1	0	4	0
9282	25	0	0	3
9284	16	0	1	2
9285	7	1	0	1
9286	3	0	0	3
9288	138	6	1	60
9294	16	32	0	2
9297	1	0	0	7
9299	27	1	0	5
9300	14	1	1	1
9301	3	0	0	0
9302	17	0	0	4
9307	3	0	0	1
9308	2	0	0	2
9309	5	0	0	0
9310	1	0	0	0
9311	4	0	0	3
9312	7	0	0	1
9313	1	1	0	0
9316	107	10	10	27
9317	14	13	6	14
9319	1	1	0	0
9320	4	3	0	0
9321	52	0	0	21
9324	25	2	9	5
9325	80	2	1	10
9331	19	0	0	2
9332	35	1	0	10
9333	68	0	0	20
9334	79	3	2	12
9335	0	0	0	2
9336	15	3	1	3
9337	4	0	0	5
9338	1	0	0	1
9339	0	0	0	1
9340	1	0	0	0
9341	0	0	0	0
9342	2	0	0	7
9343	0	0	0	0
9348	1	0	0	1
9349	1	0	0	0
9350	0	0	0	2
9351	0	5	0	10
9352	0	0	0	0
9353	0	0	0	0
9355	0	0	1	0
9356	52	16	10	0
9358	1	0	0	2
9359	0	0	0	1
9360	1	0	0	0
9361	0	0	0	0
9362	0	0	0	0
9363	0	0	0	1
9364	2	0	0	0
9365	0	0	0	1
9366	39	16	3	9
9367	1	0	0	3
9368	0	0	0	1
9369	0	0	0	0
9370	0	0	1	2
9371	31	0	0	0
9372	0	0	0	0
9373	0	0	0	0
9374	0	0	0	1
9375	0	0	0	0
9377	0	0	0	10
9378	1	0	0	0
9379	1	0	0	16
9380	1	0	0	3
9381	1	0	0	1
9382	1	0	0	1
9383	1	0	0	1
9384	2	0	0	0
9385	0	0	0	0
9388	6	0	0	1
9389	0	0	0	0
9390	1	0	1	2
9391	0	0	0	4
9392	0	0	0	0
9393	0	0	0	2
9395	0	0	0	0
9401	1	0	0	0
9402	1	0	0	0
9403	1	0	0	1
9404	1	0	0	1
9405	1	0	0	3
9406	0	0	0	1
9407	2	0	0	6
9417	10	0	2	5
9418	6	0	0	0
9419	19	0	0	0
9420	57	15	0	4
9421	15	1	0	3
9422	1	0	0	4
9424	51	0	0	6
9425	15	4	0	3
9426	12	11	1	12
9428	88	0	0	49
9429	1	2	0	0
9432	3	0	0	0
9433	1	1	0	0
9441	25	13	1	5
9447	5	0	0	2
9450	2	7	2	3
9454	1	0	0	1
9455	6	5	1	4
9457	7	1	0	1
9459	20	3	0	4
9469	12	0	0	11
9471	3	0	0	1
9472	44	3	1	2
9474	3	10	0	6
9476	84	2	13	7
9477	54	0	0	4
9478	16	1	0	3
9479	40	0	0	6
9480	16	0	0	11
9481	48	20	0	1
9482	51	0	0	10
9483	6	0	0	2
9487	15	3	0	6
9488	4	8	0	5
9491	16	0	0	4
9496	8	0	0	1
9498	1	0	0	0
9499	43	0	0	4
9505	9	1	0	5
9506	21	0	0	19
9508	108	0	0	2
9509	14	0	0	3
9514	5	3	0	12
9515	14	30	5	11
9516	110	0	2	46
9531	14	2	5	2
9532	13	0	0	2
9534	8	4	0	1
9536	28	0	0	7
9540	5	0	0	0
9541	2	5	2	1
9545	1	2	0	2
9546	1	0	0	0
9549	80	0	0	17
9550	30	0	0	9
9553	26	0	1	9
9555	11	0	0	0
9559	1	0	0	0
9566	19	0	0	3
9569	8	0	0	1
9574	20	0	0	16
9577	1	0	0	4
9578	9	0	1	8
9580	3	0	0	4
9581	10	2	4	14
9582	22	1	0	6
9587	41	1	1	4
9588	5	0	7	9
9589	1	0	0	1
9591	37	0	0	7
9592	6	5	2	5
9593	19	7	2	7
9596	32	0	1	4
9597	28	3	0	7
9598	3	0	0	6
9601	3	0	0	7
9602	93	51	0	9
9603	31	0	0	16
9604	44	1	0	9
9611	9	0	0	0
9613	7	4	2	0
9615	7	1	1	9
9616	2	2	0	8
9619	3	0	0	1
9620	6	0	0	4
9621	7	7	0	0
9623	83	12	0	10
9627	11	0	0	15
9628	15	1	0	3
9630	31	3	3	9
9632	31	0	0	9
9633	0	0	0	3
9637	2	0	0	2
9638	4	0	0	0
9640	33	0	0	2
9643	1	0	0	1
9644	1	2	0	1
9646	18	1	1	5
9647	18	2	0	0
9649	116	0	3	12
9653	24	0	2	1
9657	21	0	0	12
9658	2	1	0	4
9659	3	1	0	1
9660	2	4	0	4
9662	11	0	1	1
9663	14	0	2	1
9664	12	1	0	4
9667	3	0	0	1
9668	47	0	0	11
9670	3	0	1	1
9672	25	0	0	0
9674	15	0	0	2
9675	36	0	0	1
9677	8	1	0	4
9678	18	0	0	1
9679	90	0	0	7
9683	10	0	0	9
9684	1	0	0	1
9685	2	0	0	2
9686	3	0	0	8
9688	19	5	2	2
9689	7	1	0	2
9692	1	0	0	3
9693	41	0	0	0
9695	13	0	0	11
9697	15	0	0	6
9700	13	0	0	5
9703	10	0	3	8
9706	3	19	0	5
9707	21	0	1	12
9708	1	0	0	1
9709	20	0	0	12
9710	3	0	0	3
9713	8	0	0	2
9717	16	6	0	4
9719	3	2	0	0
9723	14	0	0	8
9724	5	0	0	2
9725	0	0	0	0
9727	10	0	0	1
9728	2	1	0	5
9730	10	2	0	3
9732	19	1	0	8
9734	1	1	0	0
9735	10	4	0	6
9736	32	2	30	13
9737	42	0	0	3
9738	38	0	0	2
9739	6	0	0	4
9742	35	0	0	1
9750	11	0	0	6
9751	19	0	0	5
9752	30	0	0	0
9755	3	6	0	1
9756	5	0	0	0
9758	8	0	0	1
9760	6	0	0	0
9762	3	0	2	3
9763	13	40	0	8
9764	69	6	0	62
9765	8	0	0	4
9767	21	5	0	17
9770	11	0	0	2
9771	10	0	0	1
9772	8	0	0	2
9773	11	0	0	2
9775	25	0	0	4
9778	3	0	1	0
9779	77	0	1	5
9781	1	2	0	4
9789	13	8	0	3
9790	2	0	0	5
9792	8	0	3	0
9799	12	0	0	6
9804	13	0	4	3
9806	15	21	0	7
9808	27	2	1	7
9810	5	0	0	7
9813	24	0	1	4
9814	48	0	0	17
9815	2	0	0	18
9820	5	0	0	1
9823	21	3	0	3
9827	3	0	0	1
9828	1	0	0	1
9829	1	0	0	0
9830	1	0	0	5
9833	10	4	11	8
9835	14	17	2	11
9837	53	0	0	6
9838	21	3	0	1
9839	23	0	0	9
9840	111	7	0	22
9841	10	0	0	7
9843	39	12	0	6
9845	75	2	0	13
9855	11	0	0	5
9857	15	14	0	7
9862	1	1	0	0
9864	2	0	0	4
9865	2	1	0	0
9867	1	4	0	1
9868	3	0	2	3
9869	3	1	2	3
9875	1	0	0	0
9877	6	0	0	2
9878	2	1	1	2
9883	8	0	0	2
9890	1	0	0	0
9891	77	1	2	12
9892	15	0	0	2
9895	1	0	0	5
9896	27	0	0	8
9897	35	0	1	3
9901	3	1	1	2
9902	16	0	0	4
9903	8	1	0	0
9904	2	0	0	9
9907	7	5	0	0
9908	4	0	0	1
9910	15	2	0	3
9911	26	0	0	3
9914	1	0	0	3
9917	5	0	0	3
9920	2	1	0	1
9922	1	4	0	0
9924	1	0	0	0
9925	3	0	0	3
9927	4	0	0	6
9928	5	0	0	0
9929	1	1	0	0
9931	41	0	1	8
9932	3	0	0	8
9933	7	2	1	0
9935	6	0	0	1
9937	2	0	0	4
9941	19	0	0	7
9942	26	1	0	23
9945	7	0	0	2
9946	53	0	0	5
9948	11	0	0	12
9949	5	0	0	2
9951	4	2	0	1
9952	4	0	0	4
9953	7	0	0	0
9954	28	4	28	5
9955	34	0	0	6
9956	29	0	0	12
9960	12	0	0	0
9961	11	1	1	8
9962	83	0	0	27
9963	6	0	0	2
9966	4	0	0	4
9970	1	0	0	0
9971	9	1	0	3
9974	3	1	0	12
9975	1	0	0	0
9976	6	0	0	0
9978	18	0	0	4
9979	16	37	0	8
9993	11	0	0	2
9994	13	0	0	2
9995	61	0	6	15
9996	18	0	1	0
9997	9	0	0	2
